<record><leader>00000cas a2200000 a 4500</leader><controlfield tag="001">728172775</controlfield><controlfield tag="008">110602c20099999ctucr ne      0    0eng c</controlfield><datafield ind1=" " ind2=" " tag="010"><subfield code="a">  2011237536</subfield></datafield><datafield ind1=" " ind2=" " tag="040"><subfield code="a">CZL</subfield><subfield code="b">eng</subfield><subfield code="c">CZL</subfield><subfield code="d">CZL</subfield><subfield code="d">OCLCA</subfield><subfield code="d">OCLCF</subfield></datafield><datafield ind1=" " ind2=" " tag="042"><subfield code="a">pcc</subfield></datafield><datafield ind1=" " ind2=" " tag="043"><subfield code="a">n-us-ct</subfield></datafield><datafield ind1="1" ind2="4" tag="050"><subfield code="a">AN104.F2</subfield><subfield code="b">C58</subfield></datafield><datafield ind1="0" ind2="4" tag="245"><subfield code="a">The Fairfield citizen</subfield></datafield><datafield ind1=" " ind2=" " tag="260"><subfield code="a">[Fairfield, Conn.] :</subfield><subfield code="b">Fairfield Citizen</subfield></datafield><datafield ind1=" " ind2=" " tag="300"><subfield code="a">v.</subfield></datafield><datafield ind1=" " ind2=" " tag="310"><subfield code="a">Semiweekly</subfield></datafield><datafield ind1="1" ind2=" " tag="362"><subfield code="a">Began with Vol. 40, no. 1 (Jan. 7, 2009).</subfield></datafield><datafield ind1=" " ind2=" " tag="530"><subfield code="a">Available on microfilm from New England Micrographics, Marlboro, Mass.</subfield></datafield><datafield ind1=" " ind2=" " tag="588"><subfield code="a">Description based on: Vol. 40, no. 1 (Jan. 7, 2009); title from masthead.</subfield></datafield><datafield ind1=" " ind2=" " tag="588"><subfield code="a">Latest issue consulted: Vol. 46, no. 41 (May 31, 2011).</subfield></datafield><datafield ind1=" " ind2="0" tag="651"><subfield code="a">Fairfield (Conn.)</subfield><subfield code="v">Newspapers.</subfield></datafield><datafield ind1=" " ind2="0" tag="651"><subfield code="a">Southport (Conn.)</subfield><subfield code="v">Newspapers.</subfield></datafield><datafield ind1=" " ind2="0" tag="651"><subfield code="a">Easton (Conn.)</subfield><subfield code="v">Newspapers.</subfield></datafield><datafield ind1=" " ind2="7" tag="655"><subfield code="a">Newspapers.</subfield><subfield code="2">fast</subfield><subfield code="0">(OCoLC)fst01423814</subfield></datafield><datafield ind1=" " ind2="7" tag="651"><subfield code="a">Connecticut</subfield><subfield code="z">Easton.</subfield><subfield code="2">fast</subfield><subfield code="0">(OCoLC)fst01924559</subfield></datafield><datafield ind1=" " ind2="7" tag="651"><subfield code="a">Connecticut</subfield><subfield code="z">Fairfield.</subfield><subfield code="2">fast</subfield><subfield code="0">(OCoLC)fst01219506</subfield></datafield><datafield ind1=" " ind2="7" tag="651"><subfield code="a">Connecticut</subfield><subfield code="z">Southport.</subfield><subfield code="2">fast</subfield><subfield code="0">(OCoLC)fst01219507</subfield></datafield><datafield ind1=" " ind2=" " tag="752"><subfield code="a">United States</subfield><subfield code="b">Connecticut</subfield><subfield code="c">Fairfield</subfield><subfield code="d">Fairfield.</subfield></datafield><datafield ind1="0" ind2="0" tag="780"><subfield code="t">Fairfield citizen news</subfield><subfield code="w">(DLC)sn 92051318</subfield><subfield code="w">(OCoLC)7913945</subfield></datafield></record>